@book{xenakis1992formalized,
  title={Formalized music: thought and mathematics in composition},
  author={Xenakis, Iannis},
  number={6},
  year={1992},
  publisher={Pendragon Press}
}

@book{roads1996computer,
  title={The computer music tutorial},
  author={Roads, Curtis and Strawn, John and others},
  year={1996},
  publisher={MIT press}
}

@article{truax1988real,
  title={Real-time granular synthesis with a digital signal processor},
  author={Truax, Barry},
  journal={Computer Music Journal},
  volume={12},
  number={2},
  pages={14--26},
  year={1988},
  publisher={JSTOR}
}

@article{roads1988granular,
 ISSN = {01489267, 15315169},
 URL = {http://www.jstor.org/stable/3679937},
 author = {Curtis Roads},
 journal = {Computer Music Journal},
 number = {2},
 pages = {11--13},
 publisher = {The MIT Press},
 title = {Introduction to Granular Synthesis},
 volume = {12},
 year = {1988}
}

@article{gabor1947acoustical,
  title={Acoustical Quanta and the Theory of Hearing},
  author={Dennis Gabor},
  journal={Nature},
  year={1947},
  volume={159},
  pages={591-594}
}

@book{kuhn2001music,
  title={Music since 1900},
  author={Kuhn, Laura Diane and Slonimsky, Nicolas},
  year={2001},
  publisher={Schirmer Reference}
}

@article{bischoff1978network,
 ISSN = {01489267, 15315169},
 URL = {http://www.jstor.org/stable/3679453},
 author = {John Bischoff and Rich Gold and Jim Horton},
 journal = {Computer Music Journal},
 number = {3},
 pages = {24--29},
 publisher = {The MIT Press},
 title = {Music for an Interactive Network of Microcomputers},
 volume = {2},
 year = {1978}
}

@inproceedings{jorda2001fmol,
author = {Jordà, Sergi and Wüst, Otto},
year = {2001},
month = {01},
pages = {537-542},
title = {FMOL: A System for Collaborative Music Composition over the Web.}
}

@article{herrera2009mols,
author = {Herrera, Jorge},
year = {2009},
month = {03},
pages = {},
title = {MOLS: Multiperformer online synthesizer}
}

@INPROCEEDINGS{stelkens2003peersynth,
    author = {Jörg Stelkens},
    title = {peerSynth: a P2P Multi-User Software Synthesizer with new techniques for integrating latency in real time collaboration},
    booktitle = {in International Computer Music Conference},
    year = {2003},
    pages = {319--322}
}

@article{mayton2012patchwerk,
author = {Mayton, Brian and Dublon, Gershon and Joliat, Nicholas and Paradiso, Joseph},
year = {2012},
month = {05},
pages = {},
title = {Patchwerk: Multi-User Network Control of a Massive Modular Synthesizer}
}